@book{Proj8,
    author = {Marek Polewski},
    year = {2023},
    title = {Projekt 8 - Moment podłużny samolotu}
}

@book{Proj1,
    author = {Marek Polewski},
    year = {2023},
    title = {Projekt 1 - Wybór samolotu}
}

@book{Instrukcja9,
    author = {Zbigniew Paturski},
    title = {Projekt nr 9 Równowaga podłużna samolotu i siły na sterownicy wysokości}
}

@book{cessna150POH,
    author = {---},
    year = {1977},
    title = {Cessna 150M - Pilot's Operating Handbook}
}

@article{Proj2,
    author = {Marek Polewski},
    year = {2023},
    title = {Projekt 1 - Wybór samolotu}
}